@article{brzozowski1964derivatives,
  title={{Derivatives of regular expressions}},
  author={Brzozowski, J.A.},
  journal={Journal of the ACM (JACM)},
  volume={11},
  number={4},
  pages={481--494},
  year={1964},
  publisher={ACM}
}

@book{joe:09,
author={Joe Armstrong},
title={{Programming Erlang}:{Software for a Concurrent World}},
isbn={978-1-934356-00-5},
publisher={Pragmatic Bookshelf},
year={2007},
address={http://www.pragmaticbookshelf.com}
}

@article{strauss2008concurrent,
  title={{A Concurrent Specification of Brzozowski's DFA Construction Algorithm}},
  author={Strauss, T. and Kourie, D.G. and Watson, B.W. and Holub, J.},
  journal={International Journal of Foundations of Computer Science},
  volume={19},
  number={1},
  pages={125--135},
  year={2008},
  publisher={World Scientific Publishing Co. Pty. Ltd, 5 Toh Tuck Link, 596224, Singapore,}
}

@book{watson1995taxonomies,
  title={{Taxonomies and toolkits of regular language algorithms}},
  author={Watson, B.W.},
  year={1995},
  publisher={Citeseer}
}

@unpublished{TS:up,
author={Tinus Strauss and Derrick G. Kourie and Bruce W. Watson},
title={A Concurrent specification of Brzozowski's DFA Construction Algorithm},
note={FASTAR research group, Department of Computer Science, University Pretoria}
}

@url{url:T3,
author={Oracle},
url={http://www.oracle.com/us/products/servers-storage/servers/sparc-enterprise/t-series/sparc-t3-171613.html},
date={17 October 2010}
}